% This file was created with JabRef 2.9.2.
% Encoding: Cp1252

@ARTICLE{,
  author = {Dirk Van Compernolle},
  title = {DSP Techniques for Speech Enhancement},
  year = {1992},
  pages = {10},
  owner = {ywc110},
  timestamp = {2013.03.14}
}

@ARTICLE{,
  author = {Paul D. Mitcherson},
  title = {Real Time Digital Signal Processing -- Project: Speech Enhancement},
  year = {2013},
  pages = {22},
  owner = {ywc110},
  timestamp = {2013.03.14}
}

